@article{PhysRevD.87.064026,
  title = {Testing general relativity with 21-cm intensity mapping},
  author = {Hall, Alex and Bonvin, Camille and Challinor, Anthony},
  journal = {Phys. Rev. D},
  volume = {87},
  issue = {6},
  pages = {064026},
  numpages = {21},
  year = {2013},
  month = {Mar},
  publisher = {American Physical Society},
  doi = {10.1103/PhysRevD.87.064026},
  url = {https://link.aps.org/doi/10.1103/PhysRevD.87.064026}
}

@article{VanWaerbeke:2010yp,
      author         = "Van Waerbeke, Ludovic and Hildebrandt, Hendrik and Ford,
                        Jes and Milkeraitis, Martha",
      title          = "{Magnification as a Probe of Dark Matter Halos at high
                        redshift}",
      journal        = "Astrophys. J.",
      volume         = "723",
      year           = "2010",
      pages          = "L13",
      doi            = "10.1088/2041-8205/723/1/L13",
      eprint         = "1004.3793",
      archivePrefix  = "arXiv",
      primaryClass   = "astro-ph.CO",
      SLACcitation   = "%%CITATION = ARXIV:1004.3793;%%"
}

@article{Garcia-Fernandez:2016oud,
      author         = "Garcia-Fernandez, M. and others",
      title          = "{Weak lensing magnification in the Dark Energy Survey
                        Science Verification Data}",
      collaboration  = "DES",
      journal        = "Mon. Not. Roy. Astron. Soc.",
      volume         = "476",
      year           = "2018",
      number         = "1",
      pages          = "1071-1085",
      doi            = "10.1093/mnras/sty282",
      eprint         = "1611.10326",
      archivePrefix  = "arXiv",
      primaryClass   = "astro-ph.CO",
      reportNumber   = "DES-2016-0203, FERMILAB-PUB-16-567-AE",
      SLACcitation   = "%%CITATION = ARXIV:1611.10326;%%"
}

@article{Kilbinger:2014cea,
      author         = "Kilbinger, Martin",
      title          = "{Cosmology with cosmic shear observations: a review}",
      journal        = "Rept. Prog. Phys.",
      volume         = "78",
      year           = "2015",
      pages          = "086901",
      doi            = "10.1088/0034-4885/78/8/086901",
      eprint         = "1411.0115",
      archivePrefix  = "arXiv",
      primaryClass   = "astro-ph.CO",
      SLACcitation   = "%%CITATION = ARXIV:1411.0115;%%"
}

@article{Smith:2002dz,
      author         = "Smith, R. E. and Peacock, J. A. and Jenkins, A. and
                        White, S. D. M. and Frenk, C. S. and Pearce, F. R. and
                        Thomas, P. A. and Efstathiou, G. and Couchmann, H. M. P.",
      title          = "{Stable clustering, the halo model and nonlinear
                        cosmological power spectra}",
      collaboration  = "VIRGO Consortium",
      journal        = "Mon. Not. Roy. Astron. Soc.",
      volume         = "341",
      year           = "2003",
      pages          = "1311",
      doi            = "10.1046/j.1365-8711.2003.06503.x",
      eprint         = "astro-ph/0207664",
      archivePrefix  = "arXiv",
      primaryClass   = "astro-ph",
      SLACcitation   = "%%CITATION = ASTRO-PH/0207664;%%"
}

@article{Takahashi:2012em,
      author         = "Takahashi, Ryuichi and Sato, Masanori and Nishimichi,
                        Takahiro and Taruya, Atsushi and Oguri, Masamune",
      title          = "{Revising the Halofit Model for the Nonlinear Matter
                        Power Spectrum}",
      journal        = "Astrophys. J.",
      volume         = "761",
      year           = "2012",
      pages          = "152",
      doi            = "10.1088/0004-637X/761/2/152",
      eprint         = "1208.2701",
      archivePrefix  = "arXiv",
      primaryClass   = "astro-ph.CO",
      SLACcitation   = "%%CITATION = ARXIV:1208.2701;%%"
}

@ARTICLE{1954ApJ...119..655L,
       author = {{Limber}, D. Nelson},
        title = "{The Analysis of Counts of the Extragalactic Nebulae in Terms of a
        Fluctuating Density Field. II.}",
      journal = {\apj},
         year = 1954,
        month = May,
       volume = {119},
        pages = {655},
          doi = {10.1086/145870},
       adsurl = {https://ui.adsabs.harvard.edu/#abs/1954ApJ...119..655L},
      adsnote = {Provided by the SAO/NASA Astrophysics Data System}
}

@ARTICLE{2008PhRvD..78l3506L,
       author = {{Loverde}, Marilena and {Afshordi}, Niayesh},
        title = "{Extended Limber approximation}",
      journal = {\prd},
     keywords = {98.80.-k, 98.62.Py, 98.80.Es, Cosmology, Distances redshifts radial
        velocities, spatial distribution of galaxies, Observational
        cosmology, Astrophysics},
         year = 2008,
        month = Dec,
       volume = {78},
          eid = {123506},
        pages = {123506},
          doi = {10.1103/PhysRevD.78.123506},
       adsurl = {https://ui.adsabs.harvard.edu/#abs/2008PhRvD..78l3506L},
      adsnote = {Provided by the SAO/NASA Astrophysics Data System}
}

@ARTICLE{2005ApJ...633..589S,
       author = {{Scranton}, Ryan and {M{\'e}nard}, Brice and {Richards}, Gordon T. and
        {Nichol}, Robert C. and {Myers}, Adam D. and {Jain}, Bhuvnesh
        and {Gray}, Alex and {Bartelmann}, Matthias and {Brunner},
        Robert J. and {Connolly}, Andrew J. and {Gunn}, James E. and
        {Sheth}, Ravi K. and {Bahcall}, Neta A. and {Brinkman}, John and
        {Loveday}, Jon and {Schneider}, Donald P. and {Thakar},
        Aniruddha and {York}, Donald G.},
        title = "{Detection of Cosmic Magnification with the Sloan Digital Sky Survey}",
      journal = {\apj},
     keywords = {Cosmology: Observations, Galaxies: General, Cosmology: Gravitational
        Lensing, Cosmology: Large-Scale Structure of Universe, Galaxies:
        Quasars: General, Astrophysics},
         year = 2005,
        month = Nov,
       volume = {633},
        pages = {589-602},
          doi = {10.1086/431358},
       adsurl = {https://ui.adsabs.harvard.edu/#abs/2005ApJ...633..589S},
      adsnote = {Provided by the SAO/NASA Astrophysics Data System}
}

@article{Bacon:2000sy,
      author         = "Bacon, David J. and Refregier, Alexandre R. and Ellis,
                        Richard S.",
      title          = "{Detection of weak gravitational lensing by large-scale
                        structure}",
      journal        = "Mon. Not. Roy. Astron. Soc.",
      volume         = "318",
      year           = "2000",
      pages          = "625",
      doi            = "10.1046/j.1365-8711.2000.03851.x",
      eprint         = "astro-ph/0003008",
      archivePrefix  = "arXiv",
      primaryClass   = "astro-ph",
      SLACcitation   = "%%CITATION = ASTRO-PH/0003008;%%"
}

@article{Kaiser:2000if,
      author         = "Kaiser, Nick and Wilson, Gillian and Luppino, Gerard A.",
      title          = "{Large scale cosmic shear measurements}",
      year           = "2000",
      eprint         = "astro-ph/0003338",
      archivePrefix  = "arXiv",
      primaryClass   = "astro-ph",
      SLACcitation   = "%%CITATION = ASTRO-PH/0003338;%%"
}

@article{Menard:2002vz,
      author         = "Menard, Brice and Bartelmann, Matthias",
      title          = "{Cosmological information from quasar-galaxy correlations
                        induced by weak lensing}",
      journal        = "Astron. Astrophys.",
      volume         = "386",
      year           = "2002",
      pages          = "784",
      doi            = "10.1051/0004-6361:20020274",
      eprint         = "astro-ph/0203163",
      archivePrefix  = "arXiv",
      primaryClass   = "astro-ph",
      SLACcitation   = "%%CITATION = ASTRO-PH/0203163;%%"
}

@article{Menard:2009yb,
      author         = "Menard, Brice and Scranton, Ryan and Fukugita, Masataka
                        and Richards, Gordon",
      title          = "{Measuring the galaxy-mass and galaxy-dust correlations
                        through magnification and reddening}",
      journal        = "Mon. Not. Roy. Astron. Soc.",
      volume         = "405",
      year           = "2010",
      pages          = "1025-1039",
      doi            = "10.1111/j.1365-2966.2010.16486.x",
      eprint         = "0902.4240",
      archivePrefix  = "arXiv",
      primaryClass   = "astro-ph.CO",
      SLACcitation   = "%%CITATION = ARXIV:0902.4240;%%"
}

@article{vanWaerbeke:2000rm,
      author         = "van Waerbeke, Ludovic and others",
      title          = "{Detection of correlated galaxy ellipticities on CFHT
                        data: First evidence for gravitational lensing by large
                        scale structures}",
      journal        = "Astron. Astrophys.",
      volume         = "358",
      year           = "2000",
      pages          = "30-44",
      eprint         = "astro-ph/0002500",
      archivePrefix  = "arXiv",
      primaryClass   = "astro-ph",
      SLACcitation   = "%%CITATION = ASTRO-PH/0002500;%%"
}

@article{Wittman:2000tc,
      author         = "Wittman, David M. and Tyson, J. Anthony and Kirkman,
                        David and Dell'Antonio, Ian and Bernstein, Gary",
      title          = "{Detection of weak gravitational lensing distortions of
                        distant galaxies by cosmic dark matter at large scales}",
      journal        = "Nature",
      volume         = "405",
      year           = "2000",
      pages          = "143-149",
      doi            = "10.1038/35012001",
      eprint         = "astro-ph/0003014",
      archivePrefix  = "arXiv",
      primaryClass   = "astro-ph",
      SLACcitation   = "%%CITATION = ASTRO-PH/0003014;%%"
}

@article{Heymans:2012gg,
      author         = "Heymans, Catherine and others",
      title          = "{CFHTLenS: The Canada-France-Hawaii Telescope Lensing
                        Survey}",
      journal        = "Mon. Not. Roy. Astron. Soc.",
      volume         = "427",
      year           = "2012",
      pages          = "146",
      doi            = "10.1111/j.1365-2966.2012.21952.x",
      eprint         = "1210.0032",
      archivePrefix  = "arXiv",
      primaryClass   = "astro-ph.CO",
      SLACcitation   = "%%CITATION = ARXIV:1210.0032;%%"
}

@article{Abbott:2016ktf,
      author         = "Abbott, T. and others",
      title          = "{The Dark Energy Survey: more than dark energy – an
                        overview}",
      collaboration  = "DES",
      journal        = "Mon. Not. Roy. Astron. Soc.",
      volume         = "460",
      year           = "2016",
      number         = "2",
      pages          = "1270-1299",
      doi            = "10.1093/mnras/stw641",
      eprint         = "1601.00329",
      archivePrefix  = "arXiv",
      primaryClass   = "astro-ph.CO",
      reportNumber   = "FERMILAB-PUB-16-003-AE, DES-2015-0085",
      SLACcitation   = "%%CITATION = ARXIV:1601.00329;%%"
}

@article{Amendola:2016saw,
      author         = "Amendola, Luca and others",
      title          = "{Cosmology and fundamental physics with the Euclid
                        satellite}",
      journal        = "Living Rev. Rel.",
      volume         = "21",
      year           = "2018",
      number         = "1",
      pages          = "2",
      doi            = "10.1007/s41114-017-0010-3",
      eprint         = "1606.00180",
      archivePrefix  = "arXiv",
      primaryClass   = "astro-ph.CO",
      SLACcitation   = "%%CITATION = ARXIV:1606.00180;%%"
}

@article{Abate:2012za,
      author         = "Abate, Alexandra and others",
      title          = "{Large Synoptic Survey Telescope: Dark Energy Science
                        Collaboration}",
      collaboration  = "LSST Dark Energy Science",
      year           = "2012",
      eprint         = "1211.0310",
      archivePrefix  = "arXiv",
      primaryClass   = "astro-ph.CO",
      reportNumber   = "FERMILAB-FN-0952-A-T",
      SLACcitation   = "%%CITATION = ARXIV:1211.0310;%%"
}

@article{Yang:2011gj,
      author         = "Yang, Xiaofeng and Zhang, Pengjie",
      title          = "{The optimal weighting function for cosmic magnification
                        measurement through foreground galaxy-background galaxy
                        (quasar) cross correlation}",
      journal        = "Mon. Not. Roy. Astron. Soc.",
      volume         = "415",
      year           = "2011",
      pages          = "L45-L48",
      doi            = "10.1111/j.1745-3933.2011.01075.x",
      eprint         = "1104.2487",
      archivePrefix  = "arXiv",
      primaryClass   = "astro-ph.CO",
      SLACcitation   = "%%CITATION = ARXIV:1104.2487;%%"
}

@article{Mandelbaum:2017jpr,
      author         = "Mandelbaum, Rachel",
      title          = "{Weak lensing for precision cosmology}",
      journal        = "Ann. Rev. Astron. Astrophys.",
      volume         = "56",
      year           = "2018",
      pages          = "393-433",
      doi            = "10.1146/annurev-astro-081817-051928",
      eprint         = "1710.03235",
      archivePrefix  = "arXiv",
      primaryClass   = "astro-ph.CO",
      SLACcitation   = "%%CITATION = ARXIV:1710.03235;%%"
}

@article{vanUitert:2017ieu,
      author         = "van Uitert, Edo and others",
      title          = "{KiDS+GAMA: cosmology constraints from a joint analysis
                        of cosmic shear, galaxy–galaxy lensing, and angular
                        clustering}",
      journal        = "Mon. Not. Roy. Astron. Soc.",
      volume         = "476",
      year           = "2018",
      number         = "4",
      pages          = "4662-4689",
      doi            = "10.1093/mnras/sty551",
      eprint         = "1706.05004",
      archivePrefix  = "arXiv",
      primaryClass   = "astro-ph.CO",
      SLACcitation   = "%%CITATION = ARXIV:1706.05004;%%"
}

@article{Bartelmann:1999yn,
      author         = "Bartelmann, Matthias and Schneider, Peter",
      title          = "{Weak gravitational lensing}",
      journal        = "Phys. Rept.",
      volume         = "340",
      year           = "2001",
      pages          = "291-472",
      doi            = "10.1016/S0370-1573(00)00082-X",
      eprint         = "astro-ph/9912508",
      archivePrefix  = "arXiv",
      primaryClass   = "astro-ph",
      SLACcitation   = "%%CITATION = ASTRO-PH/9912508;%%"
}

@ARTICLE{2007MNRAS.374.1377T,
       author = {{Taylor}, A.~N. and {Kitching}, T.~D. and {Bacon}, D.~J. and {Heavens},
        A.~F.},
        title = "{Probing dark energy with the shear-ratio geometric test}",
      journal = {\mnras},
     keywords = {gravitation, gravitational lensing, cosmology: observations, dark matter, large-scale structure of Universe, Astrophysics},
         year = 2007,
        month = Feb,
       volume = {374},
        pages = {1377-1403},
          doi = {10.1111/j.1365-2966.2006.11257.x},
archivePrefix = {arXiv},
       eprint = {astro-ph/0606416},
 primaryClass = {astro-ph},
       adsurl = {https://ui.adsabs.harvard.edu/\#abs/2007MNRAS.374.1377T},
      adsnote = {Provided by the SAO/NASA Astrophysics Data System}
}


@ARTICLE{2004ApJ...600...17B,
       author = {{Bernstein}, G. and {Jain}, B.},
        title = "{Dark Energy Constraints from Weak-Lensing Cross-Correlation Cosmography}",
      journal = {\apj},
     keywords = {Cosmology: Cosmological Parameters, Cosmology: Gravitational Lensing, Astrophysics},
         year = 2004,
        month = Jan,
       volume = {600},
        pages = {17-25},
          doi = {10.1086/379768},
archivePrefix = {arXiv},
       eprint = {astro-ph/0309332},
 primaryClass = {astro-ph},
       adsurl = {https://ui.adsabs.harvard.edu/\#abs/2004ApJ...600...17B},
      adsnote = {Provided by the SAO/NASA Astrophysics Data System}
}

@ARTICLE{2003PhRvL..91n1302J,
       author = {{Jain}, Bhuvnesh and {Taylor}, Andy},
        title = "{Cross-Correlation Tomography: Measuring Dark Energy Evolution with Weak Lensing}",
      journal = {\prl},
     keywords = {98.80.Es, 98.62.Sb, Observational cosmology, Gravitational lenses and luminous arcs, Astrophysics},
         year = 2003,
        month = Oct,
       volume = {91},
          eid = {141302},
        pages = {141302},
          doi = {10.1103/PhysRevLett.91.141302},
archivePrefix = {arXiv},
       eprint = {astro-ph/0306046},
 primaryClass = {astro-ph},
       adsurl = {https://ui.adsabs.harvard.edu/\#abs/2003PhRvL..91n1302J},
      adsnote = {Provided by the SAO/NASA Astrophysics Data System}
}

@article{Bonvin:2011bg,
      author         = "Bonvin, Camille and Durrer, Ruth",
      title          = "{What galaxy surveys really measure}",
      journal        = "Phys. Rev.",
      volume         = "D84",
      year           = "2011",
      pages          = "063505",
      doi            = "10.1103/PhysRevD.84.063505",
      eprint         = "1105.5280",
      archivePrefix  = "arXiv",
      primaryClass   = "astro-ph.CO",
      SLACcitation   = "%%CITATION = ARXIV:1105.5280;%%"
}


@ARTICLE{2008PhRvD..78l3517Z,
       author = {{Ziour}, Riad and {Hui}, Lam},
        title = "{Magnification bias corrections to galaxy-lensing cross-correlations}",
      journal = {\prd},
     keywords = {98.80.Es, 95.35.+d, 98.65.Dx, Observational cosmology, Dark matter,
        Superclusters, large-scale structure of the Universe,
        Astrophysics},
         year = 2008,
        month = Dec,
       volume = {78},
          eid = {123517},
        pages = {123517},
          doi = {10.1103/PhysRevD.78.123517},
       adsurl = {https://ui.adsabs.harvard.edu/#abs/2008PhRvD..78l3517Z},
      adsnote = {Provided by the SAO/NASA Astrophysics Data System}
}


@article{0004-637X-814-2-145,
  author={David Alonso and Philip Bull and Pedro G. Ferreira and Roy Maartens and Mário G. Santos},
  title={Ultra-large-scale Cosmology in Next-generation Experiments with Single Tracers},
  journal={The Astrophysical Journal},
  volume={814},
  number={2},
  pages={145},
  url={http://stacks.iop.org/0004-637X/814/i=2/a=145},
  year={2015},
  abstract={Future surveys of large-scale structure will be able to measure perturbations on the scale of the cosmological horizon, and so could potentially probe a number of novel relativistic effects that are negligibly small on sub-horizon scales. These effects leave distinctive signatures in the power spectra of clustering observables and, if measurable, would open a new window on relativistic cosmology. We quantify the size and detectability of the effects for the most relevant future large-scale structure experiments: spectroscopic and photometric galaxy redshift surveys, intensity mapping surveys of neutral hydrogen, and radio continuum surveys. Our forecasts show that next-generation experiments, reaching out to redshifts ##IMG## [http://ej.iop.org/images/0004-637X/814/2/145/apj521414ieqn1.gif] {$z\simeq 4,$} will not be able to detect previously undetected general-relativistic effects by using individual tracers of the density field, although the contribution of weak lensing magnification on large scales should be clearly detectable. We also perform a rigorous joint forecast for the detection of primordial non-Gaussianity through the excess power it produces in the clustering of biased tracers on large scales, finding that uncertainties of ##IMG## [http://ej.iop.org/images/0004-637X/814/2/145/apj521414ieqn2.gif] {$\sigma ({f}_{{\rm{NL}}})\sim 1-2$} should be achievable. We study the level of degeneracy of these large-scale effects with several tracer-dependent nuisance parameters, quantifying the minimal priors on the latter that are needed for an optimal measurement of the former. Finally, we discuss the systematic effects that must be mitigated to achieve this level of sensitivity, and some alternative approaches that should help to improve the constraints. The computational tools developed to carry out this study, which requires the full-sky computation of the theoretical angular power spectra for ##IMG## [http://ej.iop.org/images/0004-637X/814/2/145/apj521414ieqn3.gif] {${\mathcal{O}}(100)$} redshift bins, as well as realistic models of the luminosity function, are publicly available at http://intensitymapping.physics.ox.ac.uk/codes.html [http://intensitymapping.physics.ox.ac.uk/codes.html] .}
}

@article{Battye:2012tg,
      author         = "Battye, R. A. and Browne, I. W. A. and Dickinson, C. and
                        Heron, G. and Maffei, B. and Pourtsidou, A.",
      title          = "{HI intensity mapping : a single dish approach}",
      journal        = "Mon. Not. Roy. Astron. Soc.",
      volume         = "434",
      year           = "2013",
      pages          = "1239-1256",
      doi            = "10.1093/mnras/stt1082",
      eprint         = "1209.0343",
      archivePrefix  = "arXiv",
      primaryClass   = "astro-ph.CO",
      SLACcitation   = "%%CITATION = ARXIV:1209.0343;%%"
}

@ARTICLE{2009arXiv0912.0201L,
       author = {{LSST Science Collaboration} and {Abell}, Paul A. and {Allison}, Julius
        and {Anderson}, Scott F. and {Andrew}, John R. and {Angel}, J.
        Roger P. and {Armus}, Lee and {Arnett}, David and {Asztalos},
        S.~J. and {Axelrod}, Tim S. and {Bailey}, Stephen and
        {Ballantyne}, D.~R. and {Bankert}, Justin R. and {Barkhouse},
        Wayne A. and {Barr}, Jeffrey D. and {Barrientos}, L. Felipe and
        {Barth}, Aaron J. and {Bartlett}, James G. and {Becker}, Andrew
        C. and {Becla}, Jacek and {Beers}, Timothy C. and {Bernstein},
        Joseph P. and {Biswas}, Rahul and {Blanton}, Michael R. and
        {Bloom}, Joshua S. and {Bochanski}, John J. and {Boeshaar}, Pat
        and {Borne}, Kirk D. and {Bradac}, Marusa and {Brandt}, W.~N.
        and {Bridge}, Carrie R. and {Brown}, Michael E. and {Brunner},
        Robert J. and {Bullock}, James S. and {Burgasser}, Adam J. and
        {Burge}, James H. and {Burke}, David L. and {Cargile}, Phillip
        A. and {Chandrasekharan}, Srinivasan and {Chartas}, George and
        {Chesley}, Steven R. and {Chu}, You-Hua and {Cinabro}, David and
        {Claire}, Mark W. and {Claver}, Charles F. and {Clowe}, Douglas
        and {Connolly}, A.~J. and {Cook}, Kem H. and {Cooke}, Jeff and
        {Cooray}, Asantha and {Covey}, Kevin R. and {Culliton},
        Christopher S. and {de Jong}, Roelof and {de Vries}, Willem H.
        and {Debattista}, Victor P. and {Delgado}, Francisco and
        {Dell'Antonio}, Ian P. and {Dhital}, Saurav and {Di Stefano},
        Rosanne and {Dickinson}, Mark and {Dilday}, Benjamin and
        {Djorgovski}, S.~G. and {Dobler}, Gregory and {Donalek}, Ciro
        and {Dubois-Felsmann}, Gregory and {Durech}, Josef and
        {Eliasdottir}, Ardis and {Eracleous}, Michael and {Eyer},
        Laurent and {Falco}, Emilio E. and {Fan}, Xiaohui and
        {Fassnacht}, Christopher D. and {Ferguson}, Harry C. and
        {Fernandez}, Yanga R. and {Fields}, Brian D. and {Finkbeiner},
        Douglas and {Figueroa}, Eduardo E. and {Fox}, Derek B. and
        {Francke}, Harold and {Frank}, James S. and {Frieman}, Josh and
        {Fromenteau}, Sebastien and {Furqan}, Muhammad and {Galaz},
        Gaspar and {Gal-Yam}, A. and {Garnavich}, Peter and {Gawiser},
        Eric and {Geary}, John and {Gee}, Perry and {Gibson}, Robert R.
        and {Gilmore}, Kirk and {Grace}, Emily A. and {Green}, Richard
        F. and {Gressler}, William J. and {Grillmair}, Carl J. and
        {Habib}, Salman and {Haggerty}, J.~S. and {Hamuy}, Mario and
        {Harris}, Alan W. and {Hawley}, Suzanne L. and {Heavens}, Alan
        F. and {Hebb}, Leslie and {Henry}, Todd J. and {Hileman}, Edward
        and {Hilton}, Eric J. and {Hoadley}, Keri and {Holberg}, J.~B.
        and {Holman}, Matt J. and {Howell}, Steve B. and {Infante},
        Leopoldo and {Ivezic}, Zeljko and {Jacoby}, Suzanne H. and
        {Jain}, Bhuvnesh and {R} and {Jedicke} and {Jee}, M. James and
        {Garrett Jernigan}, J. and {Jha}, Saurabh W. and {Johnston},
        Kathryn V. and {Jones}, R. Lynne and {Juric}, Mario and
        {Kaasalainen}, Mikko and {Styliani} and {Kafka} and {Kahn},
        Steven M. and {Kaib}, Nathan A. and {Kalirai}, Jason and
        {Kantor}, Jeff and {Kasliwal}, Mansi M. and {Keeton}, Charles R.
        and {Kessler}, Richard and {Knezevic}, Zoran and {Kowalski},
        Adam and {Krabbendam}, Victor L. and {Krughoff}, K. Simon and
        {Kulkarni}, Shrinivas and {Kuhlman}, Stephen and {Lacy}, Mark
        and {Lepine}, Sebastien and {Liang}, Ming and {Lien}, Amy and
        {Lira}, Paulina and {Long}, Knox S. and {Lorenz}, Suzanne and
        {Lotz}, Jennifer M. and {Lupton}, R.~H. and {Lutz}, Julie and
        {Macri}, Lucas M. and {Mahabal}, Ashish A. and {Mandelbaum},
        Rachel and {Marshall}, Phil and {May}, Morgan and {McGehee},
        Peregrine M. and {Meadows}, Brian T. and {Meert}, Alan and
        {Milani}, Andrea and {Miller}, Christopher J. and {Miller},
        Michelle and {Mills}, David and {Minniti}, Dante and {Monet},
        David and {Mukadam}, Anjum S. and {Nakar}, Ehud and {Neill},
        Douglas R. and {Newman}, Jeffrey A. and {Nikolaev}, Sergei and
        {Nordby}, Martin and {O'Connor}, Paul and {Oguri}, Masamune and
        {Oliver}, John and {Olivier}, Scot S. and {Olsen}, Julia K. and
        {Olsen}, Knut and {Olszewski}, Edward W. and {Oluseyi}, Hakeem
        and {Padilla}, Nelson D. and {Parker}, Alex and {Pepper}, Joshua
        and {Peterson}, John R. and {Petry}, Catherine and {Pinto},
        Philip A. and {Pizagno}, James L. and {Popescu}, Bogdan and
        {Prsa}, Andrej and {Radcka}, Veljko and {Raddick}, M. Jordan and
        {Rasmussen}, Andrew and {Rau}, Arne and {Rho}, Jeonghee and
        {Rhoads}, James E. and {Richards}, Gordon T. and {Ridgway},
        Stephen T. and {Robertson}, Brant E. and {Roskar}, Rok and
        {Saha}, Abhijit and {Sarajedini}, Ata and {Scannapieco}, Evan
        and {Schalk}, Terry and {Schindler}, Rafe and {Schmidt}, Samuel
        and {Schmidt}, Sarah and {Schneider}, Donald P. and
        {Schumacher}, German and {Scranton}, Ryan and {Sebag}, Jacques
        and {Seppala}, Lynn G. and {Shemmer}, Ohad and {Simon}, Joshua
        D. and {Sivertz}, M. and {Smith}, Howard A. and {Allyn Smith},
        J. and {Smith}, Nathan and {Spitz}, Anna H. and {Stanford}, Adam
        and {Stassun}, Keivan G. and {Strader}, Jay and {Strauss},
        Michael A. and {Stubbs}, Christopher W. and {Sweeney}, Donald W.
        and {Szalay}, Alex and {Szkody}, Paula and {Takada}, Masahiro
        and {Thorman}, Paul and {Trilling}, David E. and {Trimble},
        Virginia and {Tyson}, Anthony and {Van Berg}, Richard and
        {Vanden Berk}, Daniel and {VanderPlas}, Jake and {Verde}, Licia
        and {Vrsnak}, Bojan and {Walkowicz}, Lucianne M. and {Wandelt},
        Benjamin D. and {Wang}, Sheng and {Wang}, Yun and {Warner},
        Michael and {Wechsler}, Risa H. and {West}, Andrew A. and
        {Wiecha}, Oliver and {Williams}, Benjamin F. and {Willman}, Beth
        and {Wittman}, David and {Wolff}, Sidney C. and {Wood-Vasey}, W.
        Michael and {Wozniak}, Przemek and {Young}, Patrick and
        {Zentner}, Andrew and {Zhan}, Hu},
        title = "{LSST Science Book, Version 2.0}",
      journal = {arXiv e-prints},
     keywords = {Astrophysics - Instrumentation and Methods for Astrophysics,
        Astrophysics - Cosmology and Extragalactic Astrophysics,
        Astrophysics - Earth and Planetary Astrophysics, Astrophysics -
        Galaxy Astrophysics, Astrophysics - Solar and Stellar
        Astrophysics},
         year = 2009,
        month = Dec,
          eid = {arXiv:0912.0201},
        pages = {arXiv:0912.0201},
archivePrefix = {arXiv},
       eprint = {0912.0201},
 primaryClass = {astro-ph.IM},
       adsurl = {https://ui.adsabs.harvard.edu/\#abs/2009arXiv0912.0201L},
      adsnote = {Provided by the SAO/NASA Astrophysics Data System}
}


@ARTICLE{2009A&A...507..683H,
       author = {{Hildebrandt}, H. and {van Waerbeke}, L. and {Erben}, T.},
        title = "{CARS: The CFHTLS-Archive-Research Survey. III. First detection of cosmic
        magnification in samples of normal high-z galaxies}",
      journal = {\aap},
     keywords = {large-scale structure of Universe, cosmology: observations, dark matter,
        cosmological parameters, Astrophysics - Cosmology and
        Nongalactic Astrophysics},
         year = 2009,
        month = Nov,
       volume = {507},
        pages = {683-691},
          doi = {10.1051/0004-6361/200912655},
archivePrefix = {arXiv},
       eprint = {0906.1580},
 primaryClass = {astro-ph.CO},
       adsurl = {https://ui.adsabs.harvard.edu/\#abs/2009A&A...507..683H},
      adsnote = {Provided by the SAO/NASA Astrophysics Data System}
}

@article{Duncan:2013haa,
      author         = "Duncan, Christopher and Joachimi, Benjamin and Heavens,
                        Alan and Heymans, Catherine and Hildebrandt, Hendrik",
      title          = "{On the complementarity of galaxy clustering with cosmic
                        shear and flux magnification}",
      journal        = "Mon. Not. Roy. Astron. Soc.",
      volume         = "437",
      year           = "2014",
      number         = "3",
      pages          = "2471-2487",
      doi            = "10.1093/mnras/stt2060",
      eprint         = "1306.6870",
      archivePrefix  = "arXiv",
      primaryClass   = "astro-ph.CO",
      SLACcitation   = "%%CITATION = ARXIV:1306.6870;%%"
}

@ARTICLE{2006MNRAS.367..169Z,
       author = {{Zhang}, Pengjie and {Pen}, Ue-Li},
        title = "{Precision measurement of cosmic magnification from 21-cm emitting
        galaxies}",
      journal = {\mnras},
     keywords = {galaxies: abundances-large-scale structure of Universe-radio lines:
        galaxies, Astrophysics},
         year = 2006,
        month = Mar,
       volume = {367},
        pages = {169-178},
          doi = {10.1111/j.1365-2966.2006.09971.x},
archivePrefix = {arXiv},
       eprint = {astro-ph/0504551},
 primaryClass = {astro-ph},
       adsurl = {https://ui.adsabs.harvard.edu/\#abs/2006MNRAS.367..169Z},
      adsnote = {Provided by the SAO/NASA Astrophysics Data System}
}


@article{2015aska.confE..19S,
	Adsnote = {Provided by the SAO/NASA Astrophysics Data System},
	Adsurl = {http://adsabs.harvard.edu/abs/2015aska.confE..19S},
	Archiveprefix = {arXiv},
	Author = {{Santos}, M. and {Bull}, P. and {Alonso}, D. and {Camera}, S. and {Ferreira}, P. and {Bernardi}, G. and {Maartens}, R. and {Viel}, M. and {Villaescusa-Navarro}, F. and {Abdalla}, F.~B. and {Jarvis}, M. and {Metcalf}, R.~B. and {Pourtsidou}, A. and {Wolz}, L.},
	Eid = {19},
	Eprint = {1501.03989},
	Journal = {Advancing Astrophysics with the Square Kilometre Array (AASKA14)},
	Month = apr,
	Pages = {19},
	Title = {{Cosmology from a SKA HI intensity mapping survey}},
	Year = 2015}


@article{2017arXiv170906099S,
	Adsnote = {Provided by the SAO/NASA Astrophysics Data System},
	Adsurl = {http://adsabs.harvard.edu/abs/2017arXiv170906099S},
	Archiveprefix = {arXiv},
	Author = {{Santos}, M.~G. and {Cluver}, M. and {Hilton}, M. and {Jarvis}, M. and {Jozsa}, G.~I.~G. and {Leeuw}, L. and {Smirnov}, O. and {Taylor}, R. and {Abdalla}, F. and {Afonso}, J. and {Alonso}, D. and {Bacon}, D. and {Bassett}, B.~A. and {Bernardi}, G. and {Bull}, P. and {Camera}, S. and {Chiang}, H.~C. and {Colafrancesco}, S. and {Ferreira}, P.~G. and {Fonseca}, J. and {van der Heyden}, K. and {Heywood}, I. and {Knowles}, K. and {Lochner}, M. and {Ma}, Y.-Z. and {Maartens}, R. and {Makhathini}, S. and {Moodley}, K. and {Pourtsidou}, A. and {Prescott}, M. and {Sievers}, J. and {Spekkens}, K. and {Vaccari}, M. and {Weltman}, A. and {Whittam}, I. and {Witzemann}, A. and {Wolz}, L. and {Zwart}, J.~T.~L.},
	Eprint = {1709.06099},
	Journal = {ArXiv e-prints},
	Keywords = {Astrophysics - Cosmology and Nongalactic Astrophysics, Astrophysics - Astrophysics of Galaxies},
	Month = sep,
	Title = {{MeerKLASS: MeerKAT Large Area Synoptic Survey}},
	Year = 2017}

@article{Bacon:2018dui,
      author         = "Bacon, David J. and others",
      title          = "{Cosmology with Phase 1 of the Square Kilometre Array:
                        Red Book 2018: Technical specifications and performance
                        forecasts}",
      collaboration  = "SKA",
      journal        = "Submitted to: Publ. Astron. Soc. Austral.",
      year           = "2018",
      eprint         = "1811.02743",
      archivePrefix  = "arXiv",
      primaryClass   = "astro-ph.CO",
      SLACcitation   = "%%CITATION = ARXIV:1811.02743;%%"
}

@article{0004-637X-803-1-21,
	Abstract = {We present a framework for forecasting cosmological constraints from future neutral hydrogen intensity mapping experiments at low to intermediate redshifts. In the process, we establish a simple way of comparing such surveys with optical galaxy redshift surveys. We explore a wide range of experimental configurations and assess how well a number of cosmological observables (the expansion rate, growth rate, and angular diameter distance) and parameters (the densities of dark energy and dark matter, spatial curvature, the dark energy equation of state, etc.) will be measured by an extensive roster of upcoming experiments. A number of potential contaminants and systematic effects are also studied in detail. The overall picture is encouraging---if autocorrelation calibration can be controlled to a sufficient level, Phase I of the Square Kilometre Array should be able to constrain the dark energy equation of state about as well as a DETF Stage IV galaxy redshift survey like Euclid, in roughly the same time frame.},
	Author = {Philip Bull and Pedro G. Ferreira and Prina Patel and M{\'a}rio G. Santos},
	Journal = {The Astrophysical Journal},
	Number = {1},
	Pages = {21},
	Title = {Late-time Cosmology with 21 cm Intensity Mapping Experiments},
	Url = {http://stacks.iop.org/0004-637X/803/i=1/a=21},
	Volume = {803},
	Year = {2015},
	Bdsk-Url-1 = {http://stacks.iop.org/0004-637X/803/i=1/a=21}}

@INPROCEEDINGS{2016SPIE.9906E..5XN,
   author = {{Newburgh}, L.~B. and {Bandura}, K. and {Bucher}, M.~A. and
	{Chang}, T.-C. and {Chiang}, H.~C. and {Cliche}, J.~F. and {Dav{\'e}}, R. and
	{Dobbs}, M. and {Clarkson}, C. and {Ganga}, K.~M. and {Gogo}, T. and
	{Gumba}, A. and {Gupta}, N. and {Hilton}, M. and {Johnstone}, B. and
	{Karastergiou}, A. and {Kunz}, M. and {Lokhorst}, D. and {Maartens}, R. and
	{Macpherson}, S. and {Mdlalose}, M. and {Moodley}, K. and {Ngwenya}, L. and
	{Parra}, J.~M. and {Peterson}, J. and {Recnik}, O. and {Saliwanchik}, B. and
	{Santos}, M.~G. and {Sievers}, J.~L. and {Smirnov}, O. and {Stronkhorst}, P. and
	{Taylor}, R. and {Vanderlinde}, K. and {Van Vuuren}, G. and
	{Weltman}, A. and {Witzemann}, A.},
    title = "{HIRAX: a probe of dark energy and radio transients}",
booktitle = {Ground-based and Airborne Telescopes VI},
     year = 2016,
   series = {\procspie},
   volume = 9906,
archivePrefix = "arXiv",
   eprint = {1607.02059},
 primaryClass = "astro-ph.IM",
    month = aug,
      eid = {99065X},
    pages = {99065X},
      doi = {10.1117/12.2234286},
   adsurl = {http://adsabs.harvard.edu/abs/2016SPIE.9906E..5XN},
  adsnote = {Provided by the SAO/NASA Astrophysics Data System}
}



@ARTICLE{2010MNRAS.402.1330G,
       author = {{Geach}, J.~E. and {Cimatti}, A. and {Percival}, W. and {Wang}, Y. and
         {Guzzo}, L. and {Zamorani}, G. and {Rosati}, P. and {Pozzetti}, L. and
         {Orsi}, A. and {Baugh}, C.~M. and {Lacey}, C.~G. and {Garilli}, B. and
         {Franzetti}, P. and {Walsh}, J.~R. and {K{\"u}mmel}, M.},
        title = "{Empirical H{\ensuremath{\alpha}} emitter count predictions for dark energy surveys}",
      journal = {\mnras},
     keywords = {galaxies: evolution, galaxies: high-redshift, cosmology: observations, large-scale structure of Universe, Astrophysics - Cosmology and Nongalactic Astrophysics},
         year = "2010",
        month = "Feb",
       volume = {402},
        pages = {1330-1338},
          doi = {10.1111/j.1365-2966.2009.15977.x},
archivePrefix = {arXiv},
       eprint = {0911.0686},
 primaryClass = {astro-ph.CO},
       adsurl = {https://ui.adsabs.harvard.edu/\#abs/2010MNRAS.402.1330G},
      adsnote = {Provided by the SAO/NASA Astrophysics Data System}
}


@ARTICLE{2013LRR....16....6A,
       author = {{Amendola}, Luca and {Appleby}, Stephen and {Bacon}, David and
         {Baker}, Tessa and {Baldi}, Marco and {Bartolo}, Nicola and
         {Blanchard}, Alain and {Bonvin}, Camille and {Borgani}, Stefano and
         {Branchini}, Enzo and {Burrage}, Clare and {Camera}, Stefano and
         {Carbone}, Carmelita and {Casarini}, Luciano and {Cropper}, Mark and
         {de Rham}, Claudia and {Di Porto}, Cinzia and {Ealet}, Anne and
         {Ferreira}, Pedro G. and {Finelli}, Fabio and
         {Garc{\'\i}a-Bellido}, Juan and {Giannantonio}, Tommaso and
         {Guzzo}, Luigi and {Heavens}, Alan and {Heisenberg}, Lavinia and
         {Heymans}, Catherine and {Hoekstra}, Henk and {Hollenstein}, Lukas and
         {Holmes}, Rory and {Horst}, Ole and {Jahnke}, Knud and
         {Kitching}, Thomas D. and {Koivisto}, Tomi and {Kunz}, Martin and
         {La Vacca}, Giuseppe and {March}, Marisa and {Majerotto}, Elisabetta and
         {Markovic}, Katarina and {Marsh}, David and {Marulli}, Federico and
         {Massey}, Richard and {Mellier}, Yannick and {Mota}, David F. and
         {Nunes}, Nelson J. and {Percival}, Will and {Pettorino}, Valeria and
         {Porciani}, Cristiano and {Quercellini}, Claudia and {Read}, Justin and
         {Rinaldi}, Massimiliano and {Sapone}, Domenico and
         {Scaramella}, Roberto and {Skordis}, Constantinos and
         {Simpson}, Fergus and {Taylor}, Andy and {Thomas}, Shaun and
         {Trotta}, Roberto and {Verde}, Licia and {Vernizzi}, Filippo and
         {Vollmer}, Adrian and {Wang}, Yun and {Weller}, Jochen and
         {Zlosnik}, Tom},
        title = "{Cosmology and Fundamental Physics with the Euclid Satellite}",
      journal = {Living Reviews in Relativity},
     keywords = {Astrophysics: Cosmology and Extragalactic Astrophysics, General Relativity and Quantum Cosmology, High Energy Physics: Phenomenology, cosmology, dark energy, galaxy evolution, Astrophysics - Cosmology and Nongalactic Astrophysics, General Relativity and Quantum Cosmology, High Energy Physics - Phenomenology},
         year = "2013",
        month = "Sep",
       volume = {16},
          eid = {6},
        pages = {6},
          doi = {10.12942/lrr-2013-6},
archivePrefix = {arXiv},
       eprint = {1206.1225},
 primaryClass = {astro-ph.CO},
       adsurl = {https://ui.adsabs.harvard.edu/\#abs/2013LRR....16....6A},
      adsnote = {Provided by the SAO/NASA Astrophysics Data System}
}


@ARTICLE{2000ApJ...538..473L,
       author = {{Lewis}, Antony and {Challinor}, Anthony and {Lasenby}, Anthony},
        title = "{Efficient Computation of Cosmic Microwave Background Anisotropies in Closed Friedmann-Robertson-Walker Models}",
      journal = {\apj},
     keywords = {Cosmology: Cosmic Microwave Background, Cosmology: Theory, Astrophysics},
         year = "2000",
        month = "Aug",
       volume = {538},
       number = {2},
        pages = {473-476},
          doi = {10.1086/309179},
archivePrefix = {arXiv},
       eprint = {astro-ph/9911177},
 primaryClass = {astro-ph},
       adsurl = {https://ui.adsabs.harvard.edu/abs/2000ApJ...538..473L},
      adsnote = {Provided by the SAO/NASA Astrophysics Data System}
}


@ARTICLE{2007PhRvD..76j3502H,
       author = {{Hui}, Lam and {Gazta{\~n}aga}, Enrique and {Loverde}, Marilena},
        title = "{Anisotropic magnification distortion of the 3D galaxy correlation. I. Real space}",
      journal = {\prd},
     keywords = {95.35.+d, 98.65.Dx, 98.80.Es, Dark matter, Superclusters, large-scale structure of the Universe, Observational cosmology, Astrophysics},
         year = "2007",
        month = "Nov",
       volume = {76},
       number = {10},
          eid = {103502},
        pages = {103502},
          doi = {10.1103/PhysRevD.76.103502},
archivePrefix = {arXiv},
       eprint = {0706.1071},
 primaryClass = {astro-ph},
       adsurl = {https://ui.adsabs.harvard.edu/abs/2007PhRvD..76j3502H},
      adsnote = {Provided by the SAO/NASA Astrophysics Data System}
}

@article{Witzemann:2018cdx,
      author         = "Witzemann, Amadeus and Alonso, David and Fonseca, José
                        and Santos, Mario G.",
      title          = "{Simulated multitracer analyses with H i intensity
                        mapping}",
      journal        = "Mon. Not. Roy. Astron. Soc.",
      volume         = "485",
      year           = "2019",
      number         = "4",
      pages          = "5519-5531",
      doi            = "10.1093/mnras/stz778",
      eprint         = "1808.03093",
      archivePrefix  = "arXiv",
      primaryClass   = "astro-ph.CO",
      SLACcitation   = "%%CITATION = ARXIV:1808.03093;%%"
}

@article{Cunnington:2018zxg,
      author         = "Cunnington, Steven and Harrison, Ian and Pourtsidou,
                        Alkistis and Bacon, David",
      title          = "{HI intensity mapping for clustering-based redshift
                        estimation}",
      journal        = "Mon. Not. Roy. Astron. Soc.",
      volume         = "482",
      year           = "2019",
      number         = "3",
      pages          = "3341-3355",
      doi            = "10.1093/mnras/sty2928",
      eprint         = "1805.04498",
      archivePrefix  = "arXiv",
      primaryClass   = "astro-ph.CO",
      SLACcitation   = "%%CITATION = ARXIV:1805.04498;%%"
}

@article{Cunnington:2019lvb,
      author         = "Cunnington, Steven and Wolz, Laura and Pourtsidou,
                        Alkistis and Bacon, David",
      title          = "{Impact of Foregrounds on HI Intensity Mapping
                        Cross-Correlations with Optical Surveys}",
      year           = "2019",
      eprint         = "1904.01479",
      archivePrefix  = "arXiv",
      primaryClass   = "astro-ph.CO",
      SLACcitation   = "%%CITATION = ARXIV:1904.01479;%%"
}




@ARTICLE{2006A&A...448..101G,
       author = {{Gabasch}, A. and {Hopp}, U. and {Feulner}, G. and {Bender}, R. and
         {Seitz}, S. and {Saglia}, R.~P. and {Snigula}, J. and {Drory}, N. and
         {Appenzeller}, I. and {Heidt}, J.},
        title = "{The evolution of the luminosity functions in the FORS deep field from low to high redshift. II. The red bands}",
      journal = {\aap},
     keywords = {galaxies: luminosity function, mass function, galaxies: fundamental, parameters, galaxies: high-redshift, galaxies: distances and, redshifts, galaxies: evolution, Astrophysics},
         year = "2006",
        month = "Mar",
       volume = {448},
       number = {1},
        pages = {101-121},
          doi = {10.1051/0004-6361:20053986},
archivePrefix = {arXiv},
       eprint = {astro-ph/0510339},
 primaryClass = {astro-ph},
       adsurl = {https://ui.adsabs.harvard.edu/abs/2006A&A...448..101G},
      adsnote = {Provided by the SAO/NASA Astrophysics Data System}
}

@ARTICLE{1976ApJ...203..297S,
       author = {{Schechter}, P.},
        title = "{An analytic expression for the luminosity function for galaxies.}",
      journal = {\apj},
         year = "1976",
        month = "Jan",
       volume = {203},
        pages = {297-306},
          doi = {10.1086/154079},
       adsurl = {https://ui.adsabs.harvard.edu/abs/1976ApJ...203..297S},
      adsnote = {Provided by the SAO/NASA Astrophysics Data System}
}

